<record><leader>00000cas a2200000 a 4500</leader><controlfield tag="001">50701523</controlfield><controlfield tag="008">020930d18781881oruwr ne      0    0eng c</controlfield><datafield ind1=" " ind2=" " tag="010"><subfield code="a">sn2002060536</subfield></datafield><datafield ind1=" " ind2=" " tag="040"><subfield code="a">CNK</subfield><subfield code="b">eng</subfield><subfield code="c">CNK</subfield><subfield code="d">ORU</subfield><subfield code="d">OCLCQ</subfield><subfield code="d">ORU</subfield><subfield code="d">OCLCF</subfield><subfield code="d">OCLCO</subfield></datafield><datafield ind1="1" ind2=" " tag="029"><subfield code="a">AU@</subfield><subfield code="b">000024129459</subfield></datafield><datafield ind1=" " ind2=" " tag="042"><subfield code="a">pcc</subfield></datafield><datafield ind1=" " ind2=" " tag="043"><subfield code="a">n-us-or</subfield></datafield><datafield ind1="0" ind2="0" tag="245"><subfield code="a">Pendleton independent.</subfield></datafield><datafield ind1=" " ind2=" " tag="260"><subfield code="a">Pendleton, Umatilla County, Or. :</subfield><subfield code="b">Lot Livermore &amp; Co.,</subfield><subfield code="c">[1878-1881]</subfield></datafield><datafield ind1=" " ind2=" " tag="300"><subfield code="a">v.</subfield></datafield><datafield ind1=" " ind2=" " tag="310"><subfield code="a">Weekly</subfield></datafield><datafield ind1="1" ind2=" " tag="362"><subfield code="a">Began with vol. 1, no. 1 (Jan 3, 1878).</subfield></datafield><datafield ind1="1" ind2=" " tag="362"><subfield code="a">Ceased in 1881.</subfield><subfield code="z">Cf. Turnbull, George S. History of Oregon newspapers.</subfield></datafield><datafield ind1=" " ind2=" " tag="500"><subfield code="a">Publisher varies.</subfield></datafield><datafield ind1=" " ind2=" " tag="530"><subfield code="a">Also available on microfilm from University of Oregon.</subfield></datafield><datafield ind1=" " ind2=" " tag="588"><subfield code="a">Description based on: Vol. 1, no. 1 (Jan 3, 1878); title from masthead.</subfield></datafield><datafield ind1=" " ind2=" " tag="588"><subfield code="a">Latest issue consulted: Vol. 2, no. 17 (Apr. 24, 1879).</subfield></datafield><datafield ind1=" " ind2="0" tag="651"><subfield code="a">Pendleton (Or.)</subfield><subfield code="v">Newspapers.</subfield></datafield><datafield ind1=" " ind2="7" tag="655"><subfield code="a">Newspapers.</subfield><subfield code="2">fast</subfield><subfield code="0">(OCoLC)fst01423814</subfield></datafield><datafield ind1=" " ind2="7" tag="651"><subfield code="a">Oregon</subfield><subfield code="z">Pendleton.</subfield><subfield code="2">fast</subfield><subfield code="0">(OCoLC)fst01217685</subfield></datafield><datafield ind1=" " ind2=" " tag="752"><subfield code="a">United States</subfield><subfield code="b">Oregon</subfield><subfield code="c">Umatilla</subfield><subfield code="d">Pendleton.</subfield></datafield><datafield ind1="0" ind2="0" tag="785"><subfield code="t">Pendleton tribune</subfield><subfield code="w">(DLC)sn 94052326</subfield><subfield code="w">(OCoLC)30507120</subfield></datafield></record>